<collection xmlns="http://www.loc.gov/MARC21/slim">
<record>
  <leader>01174nam0a22002171i 450 </leader>
  <controlfield tag="001">IT\ICCU\CNCE\078616</controlfield>
  <controlfield tag="005">20180207000000.0</controlfield>
  <datafield tag="012" ind1=" " ind2=" ">
    <subfield code="a">m-o. heme e.r- a-el (C) 1590 (Q)</subfield>
    <subfield code="2">fei</subfield>
  </datafield>
  <datafield tag="100" ind1=" " ind2=" ">
    <subfield code="a">20140627f1590        0itac0103    ba</subfield>
  </datafield>
  <datafield tag="101" ind1=" " ind2=" ">
    <subfield code="a">ITA</subfield>
  </datafield>
  <datafield tag="102" ind1=" " ind2=" ">
    <subfield code="a">IT</subfield>
  </datafield>
  <datafield tag="200" ind1="1" ind2=" ">
    <subfield code="a">Auiso della liberatione dell&apos;assedio della ctti ̉\!! di Parigi, &amp; successo del soccorso datoli. Con la ritirata dell&apos;essercito del re di Nauarra, entrata delle vettouaglie, et presa di molti luoghi che l&apos;impediuano, con gran mortalit ̉de nimici. Et la lista de gli gran prezzi, che si vendeuano le viuande, mentre duraua il detto assedio</subfield>
  </datafield>
  <datafield tag="210" ind1=" " ind2=" ">
    <subfield code="a">In Modona</subfield>
    <subfield code="c">per Paolo Gadaldino</subfield>
    <subfield code="d">\1590?!</subfield>
  </datafield>
  <datafield tag="215" ind1=" " ind2=" ">
    <subfield code="a">\4! c.</subfield>
    <subfield code="c">ill.</subfield>
    <subfield code="d">8ʻ</subfield>
  </datafield>
  <datafield tag="300" ind1=" " ind2=" ">
    <subfield code="a">Per la data cfr.: Short-title catalogue of books printed in Italy and of Italian books printed in other countries from 1465 to 1600 now in the British Library, p. 489</subfield>
  </datafield>
  <datafield tag="620" ind1=" " ind2=" ">
    <subfield code="a">IT</subfield>
    <subfield code="d">Modena</subfield>
  </datafield>
  <datafield tag="712" ind1="0" ind2="0">
    <subfield code="a">Gadaldini, Paolo</subfield>
    <subfield code="3">IT\ICCU\CNCT\000898</subfield>
    <subfield code="4">650</subfield>
  </datafield>
  <datafield tag="791" ind1="0" ind2="0">
    <subfield code="a">Gadaldinus, Paulus</subfield>
    <subfield code="3">IT\ICCU\CNCT\004810</subfield>
    <subfield code="z">Gadaldini, Paolo</subfield>
  </datafield>
  <datafield tag="791" ind1="0" ind2="0">
    <subfield code="a">Gadaldino, Paolo</subfield>
    <subfield code="3">IT\ICCU\CNCT\004811</subfield>
    <subfield code="z">Gadaldini, Paolo</subfield>
  </datafield>
  <datafield tag="801" ind1=" " ind2="3">
    <subfield code="a">IT</subfield>
    <subfield code="b">ICCU</subfield>
    <subfield code="c">20201115</subfield>
  </datafield>
  <datafield tag="899" ind1=" " ind2=" ">
    <subfield code="a">British Library. London</subfield>
    <subfield code="1">UK0001</subfield>
  </datafield>
</record>
</collection>
